<?xml version="1.0" encoding="UTF-8"?><record xmlns="http://www.loc.gov/MARC21/slim" xmlns:cinclude="http://apache.org/cocoon/include/1.0" xmlns:zs="http://www.loc.gov/zing/srw/">
  <leader>00784nz  a2200181n  4500</leader>
  <controlfield tag="001">no2013133772</controlfield>
  <controlfield tag="003">DLC</controlfield>
  <controlfield tag="005">20131201122503.0</controlfield>
  <controlfield tag="008">131130n| azannaabn          |a ana     c</controlfield>
  <datafield tag="010" ind1=" " ind2=" ">
    <subfield code="a">no2013133772</subfield>
  </datafield>
  <datafield tag="035" ind1=" " ind2=" ">
    <subfield code="a">(OCoLC)oca09627327</subfield>
  </datafield>
  <datafield tag="040" ind1=" " ind2=" ">
    <subfield code="a">NcD</subfield>
    <subfield code="b">eng</subfield>
    <subfield code="e">rda</subfield>
    <subfield code="c">NcD</subfield>
  </datafield>
  <datafield tag="110" ind1="2" ind2=" ">
    <subfield code="a">Thousand Hugs Productions (Firm)</subfield>
  </datafield>
  <datafield tag="410" ind1="2" ind2=" ">
    <subfield code="a">1000 Hugs Film &amp; Television Production (Firm)</subfield>
  </datafield>
  <datafield tag="410" ind1="2" ind2=" ">
    <subfield code="a">Thousand Hugs Production (Firm)</subfield>
  </datafield>
  <datafield tag="410" ind1="2" ind2=" ">
    <subfield code="a">Thousand Hugs (Firm)</subfield>
  </datafield>
  <datafield tag="670" ind1=" " ind2=" ">
    <subfield code="a">Gargoyle, 2009:</subfield>
    <subfield code="b">title frame (Thousand Hugs Productions)</subfield>
  </datafield>
  <datafield tag="670" ind1=" " ind2=" ">
    <subfield code="a">1000 Hugs Film &amp; Television Production WWW site home page, viewed November 30, 2013</subfield>
    <subfield code="b">(1000 Hugs Film &amp; Television Production; Thousand Hugs Production; Thousand Hugs: a film production company born out of a dream to showcase ...South African stories)</subfield>
  </datafield>
</record>